% SHORT VERSIONS

@string{pami = "{PAMI}"}
@string{aistats = "{AISTATS}"}
@string{ejor = "{EJOR}"}
@string{aistats99 = "{Proc.~of AISTATS-99}"}

@string{nips94 = "{Proc.~of NIPS-94}"}
@string{nips01 = "{Proc.~of NIPS-01}"}
@string{nips02 = "{Proc.~of NIPS-02}"}
@string{nips08 = "{Proc.~of NIPS-08}"}
@string{nips10 = "{Proc.~of NIPS-10}"}

@string{jmlr = "{JMLR}"}
@string{lncs = "{LNCS}"}

@string{cec05 = "{Proc.~of CEC-05}"}

@string{ecai10 = "{Proc.~of ECAI-10}"}
@string{ecai04 = "{Proc.~of ECAI-04}"}
@string{sat00 = "{Proc.~of SAT-00}"}
@string{sat03 = "{Proc.~of SAT-03}"}
@string{sat04 = "{Proc.~of SAT-04}"}
@string{sat05 = "{Proc.~of SAT-05}"}
@string{sat11 = "{Proc.~of SAT-11}"}
@string{sat12 = "{Proc.~of SAT-12}"}

@string{cpaior10 = "{Proc.~of CPAIOR-10}"}
@string{cpaior08 = "{Proc.~of CPAIOR-08}"}
@string{cpaior05 = "{Proc.~of CPAIOR-05}"}
@string{cpaior04 = "{Proc.~of CPAIOR-04}"}

@string{iclp09 = "{Proc.~of ICLP-09}"}

@string{ppopp95 = "{Proc.~of PPOPP-95}"}

@string{dsom3 = "{Proc.~of DSOM-03}"}

@string{lpnmr11 = "{Proc.~of LPNMR-11}"}


@string{ijcai09 = "{Proc.~of IJCAI-09}"}
@string{ijcai07 = "{Proc.~of IJCAI-07}"}
@string{ijcai05 = "{Proc.~of IJCAI-05}"}
@string{ijcai03 = "{Proc.~of IJCAI-03}"}
@string{ijcai01 = "{Proc.~of IJCAI-01}"}
@string{ijcai99 = "{Proc.~of IJCAI-99}"}
@string{ijcai97 = "{Proc.~of IJCAI-97}"}
@string{ijcai95 = "{Proc.~of IJCAI-95}"}
@string{ijcai93 = "{Proc.~of IJCAI-93}"}
@string{ijcai91 = "{Proc.~of IJCAI-91}"}
@string{ijcai89 = "{Proc.~of IJCAI-89}"}
@string{ijcai87 = "{Proc.~of IJCAI-87}"}
@string{ijcai85 = "{Proc.~of IJCAI-85}"}
@string{ijcai83 = "{Proc.~of IJCAI-83}"}
@string{ijcai81 = "{Proc.~of IJCAI-81}"}
@string{ijcai79 = "{Proc.~of IJCAI-79}"}
@string{ijcai77 = "{Proc.~of IJCAI-77}"}
@string{ijcai75 = "{Proc.~of IJCAI-75}"}
@string{ijcai73 = "{Proc.~of IJCAI-73}"}
@string{ijcai71 = "{Proc.~of IJCAI-71}"}
@string{ijcai69 = "{Proc.~of IJCAI-69}"}


@string{icml10 = "{Proc.~of ICML-10}"}
@string{icml95 = "{Proc.~of ICML-95}"}

@string{mh07 = "{Proc.~of MH-07}"}
@string{lion4 = "{Proc.~of LION-4}"}
@string{lion5 = "{Proc.~of LION-5}"}
@string{lion6 = "{Proc.~of LION-6}"}

@string{fmcad07 = "{Proc.~of FMCAD-07}"}

@string{icaps-pal11 = "{Proc.~of ICAPS-PAL-11}"}
@string{patat08 = "{Proc.~of PATAT-08}"}
@string{rcra11 = "{Proc.~of RCRA workshop at IJCAI-11}"}


@string{gecco02 = "{Proc.~of GECCO-02}"}
@string{gecco09 = "{Proc.~of GECCO-09}"}

@string{soda94 = "{Proc.~of SODA-94}"}
@string{stacs06 = "{Proc.~of STACS-06}"}

@string{cgo05 = "{Proc.~of CGO-05}"}


@string{aaai11 = "{Proc.~of AAAI-11}"}
@string{aaai10 = "{Proc.~of AAAI-10}"}
@string{aaai08 = "{Proc.~of AAAI-08}"}
@string{aaai07 = "{Proc.~of AAAI-07}"}
@string{aaai06 = "{Proc.~of AAAI-06}"}
@string{aaai05 = "{Proc.~of AAAI-05}"}
@string{aaai04 = "{Proc.~of AAAI-04}"}
@string{aaai02 = "{Proc.~of AAAI-02}"}
@string{aaai00 = "{Proc.~of AAAI-00}"}
@string{aaai99 = "{Proc.~of AAAI-99}"}
@string{aaai98 = "{Proc.~of AAAI-98}"}
@string{aaai97 = "{Proc.~of AAAI-97}"}
@string{aaai96 = "{Proc.~of AAAI-96}"}
@string{aaai94 = "{Proc.~of AAAI-94}"}
@string{aaai93 = "{Proc.~of AAAI-93}"}
@string{aaai92 = "{Proc.~of AAAI-92}"}
@string{aaai91 = "{Proc.~of AAAI-91}"}
@string{aaai90 = "{Proc.~of AAAI-90}"}
@string{aaai88 = "{Proc.~of AAAI-88}"}
@string{aaai87 = "{Proc.~of AAAI-87}"}
string{aaai86 = "{Proc.~of AAAI-86}"}
@string{aaai84 = "{Proc.~of AAAI-84}"}
@string{aaai83 = "{Proc.~of AAAI-83}"}
@string{aaai82 = "{Proc.~of AAAI-82}"}
@string{aaai80 = "{Proc.~of AAAI-80}"}
@string{kr89 = "{Proc.~of KR-89}"}
@string{kr91 = "{Proc.~of KR-91}"}
@string{kr92 = "{Proc.~of KR-92}"}

@string{uai08 = "{Proc.~of UAI-08}"}
@string{uai04 = "{Proc.~of UAI-04}"}
@string{uai03 = "{Proc.~of UAI-03}"}
@string{uai02 = "{Proc.~of UAI-02}"}
@string{uai01 = "{Proc.~of UAI-01}"}
@string{uai00 = "{Proc.~of UAI-2000}"}
@string{uai99 = "{Proc.~of UAI-99}"}
@string{uai98 = "{Proc.~of UAI-98}"}
@string{uai97 = "{Proc.~of UAI-97}"}
@string{uai96 = "{Proc.~of UAI-96}"}
@string{uai95 = "{Proc.~of UAI-95}"}
@string{uai94 = "{Proc.~of UAI-94}"}
@string{uai93 = "{Proc.~of UAI-93}"}
@string{uai92 = "{Proc.~of UAI-92}"}
@string{uai91 = "{Proc.~of UAI-91}"}
@string{uai90 = "{Proc.~of UAI-90}"}
@string{cscsi92 = "{Proc.~of CSCSI-92}"}
@string{aips94 = "{Proc.~of AIPS-94}"}
@string{aips92 = "{Proc.~of AIPS-92}"}

@string{dx03 = "{Proc.~of DX-03}"}

@string{cp11 = "{Proc.~of CP-11}"}
@string{cp10 = "{Proc.~of CP-10}"}
@string{cp09 = "{Proc.~of CP-09}"}
@string{cp08 = "{Proc.~of CP-08}"}
@string{cp07 = "{Proc.~of CP-07}"}
@string{cp06 = "{Proc.~of CP-06}"}
@string{cp05 = "{Proc.~of CP-05}"}
@string{cp04 = "{Proc.~of CP-04}"}
@string{cp03 = "{Proc.~of CP-03}"}
@string{cp02 = "{Proc.~of CP-02}"}
@string{cp01 = "{Proc.~of CP-01}"}
@string{iccv03	= "{Proc.~of ICCV-03}"}

@string{ijcai = "{Proc.~of IJCAI}"}
@string{aij = "{AIJ}"}
@string{aaai = "{Proc.~of AAAI}"}
@string{cscsi = "{Proc.~of CSCSI}"}
@string{kr = "{Proc.~of KR}"}
@string{ecai = "{Proc.~of ECAI}"}
@string{jsl = "{J. of Symbolic Logic}"}
@string{jacm = "{J. of the ACM}"}
@string{jpl = "{J. of Philosophical Logic}"}
@string{compint = "{Computational Intelligence}"}
@string{tark = "{Proc.~of TARK}"}
@string{tech = "{Technical Report}"}
@string{ut = "{University of Toronto}"}
@string{zml = "{Zeitschrift {f\}"{u}r}
    Mathematische Logik und Grundlagen
    der Mathematik"}
@string{dx = "{Principles of Diagnosis}"}
@string{jair = "{JAIR}"}

@string{mk-s	= "{Morgan Kaufmann, SF, CA, USA}"}
@string{ios     = "{IOS Press, Amsterdam, The Netherlands}"}
@string{aaaimit	= "{AAAI Press / The MIT Press, Menlo Park, CA, USA}"}
@string{mit	= "{MIT Press, Cambridge, MA, USA}"}
@string{springer	= "{Springer Verlag}"}
@string{springer-berl	= "{Springer Verlag, Berlin}"}
@string{springer-lncs	= "{Springer Verlag}"}
